<bibtex>
%EKSEMPLER ---------------------------------------------------------
@CONFERENCE{1,
AUTHOR       = {Sarma, P. and Chen, W. H.}, 
TITLE            = {Applications of Optimal Control Theory for Efficient Production Optimization of Realistic Reservoirs},
BOOKTITLE   = {Proceedings of the International Petroleum Technology Conference},
YEAR             = {2008},
Address         = {Kuala Lumpur, Malaysia},
}

@ARTICLE{2,
AUTHOR    = {Brouwer, D. R. and Jansen, J. D.}, 
TITLE         = {Dynamic Optimization of Waterflooding With Smart Wells Using Optimal Control Theory},
JOURNAL  = {SPE Journal},
YEAR         = {2004},
Volume      = {9},
Number     = {4},
Pages       = {391-402},
}

@BOOK{3,
AUTHOR     = {Muskat, M.}, 
TITLE          = {Flow of Homogeneous Fluids},
PUBLISHER = {McGraw Hill},
YEAR          = {1937},
}

@article{slater2003note,
  title={A note on presence terminology},
  author={Slater, Mel},
  journal={Presence connect},
  volume={3},
  number={3},
  pages={1--5},
  year={2003},
  publisher={Citeseer}
}


@article{beck2001manifesto,
  title={Manifesto for agile software development},
  author={Beck, Kent and Beedle, Mike and Van Bennekum, Arie and Cockburn, Alistair and Cunningham, Ward and Fowler, Martin and Grenning, James and Highsmith, Jim and Hunt, Andrew and Jeffries, Ron and others},
  year={2001}
}

@inproceedings{hamari2014does,
  title={Does Gamification Work?-A Literature Review of Empirical Studies on Gamification.},
  author={Hamari, Juho and Koivisto, Jonna and Sarsa, Harri and others},
  booktitle={HICSS},
  volume={14},
  number={2014},
  pages={3025--3034},
  year={2014}
}

@article{ens2019revisiting,
  title={Revisiting collaboration through mixed reality: The evolution of groupware},
  author={Ens, Barrett and Lanir, Joel and Tang, Anthony and Bateman, Scott and Lee, Gun and Piumsomboon, Thammathip and Billinghurst, Mark},
  journal={International Journal of Human-Computer Studies},
  year={2019},
  publisher={Elsevier}
}

@inproceedings{benko2004collaborative,
  title={Collaborative mixed reality visualization of an archaeological excavation},
  author={Benko, Hrvoje and Ishak, Edward W and Feiner, Steven},
  booktitle={Third IEEE and ACM International Symposium on Mixed and Augmented Reality},
  pages={132--140},
  year={2004},
  organization={IEEE}
}

@mastersthesis{morte2019effects,
  title={The effects of a collaborative Virtual Reality application in Norwegian language learning and teaching for immigrants with at least secondary education},
  author={Morte, Carlo and Skj{\ae}veland, Marton},
  year={2019},
  school={NTNU}
}

@inproceedings{vasilenko2019virtual,
  title={Virtual reality in HR management as a condition of innovative changes in a company},
  author={Vasilenko, E},
  booktitle={International Conference on Digital Technologies in Logistics and Infrastructure (ICDTLI 2019)},
  year={2019},
  organization={Atlantis Press}
}

@inproceedings{sawyer2007serious,
  title={The" serious games" landscape},
  author={Sawyer, Ben},
  booktitle={Instructional \& Research Technology Symposium for Arts, Humanities and Social Sciences, Camden, USA},
  year={2007}
}

@article{zyda2005visual,
  title={From visual simulation to virtual reality to games},
  author={Zyda, Michael},
  journal={Computer},
  volume={38},
  number={9},
  pages={25--32},
  year={2005},
  publisher={IEEE}
}


@article{munafo2017virtual,
  title={The virtual reality head-mounted display Oculus Rift induces motion sickness and is sexist in its effects},
  author={Munafo, Justin and Diedrick, Meg and Stoffregen, Thomas A},
  journal={Experimental brain research},
  volume={235},
  number={3},
  pages={889--901},
  year={2017},
  publisher={Springer}
}

%BÃ˜KER ---------------------------------------------------------
@book{stahl2006computer,
  title={Computer-supported collaborative learning},
  author={Stahl, Gerry and Koschmann, Timothy D and Suthers, Daniel D},
  year={2006},
  publisher={na}
}

@misc{dillenbourg1999you,
  title={What do you mean by collaborative learning?},
  author={Dillenbourg, Pierre},
  year={1999},
  publisher={Oxford: Elsevier}
}

@book{jung2018augmented,
  title={Augmented Reality and Virtual Reality},
  author={Jung, Timothy and tom Dieck, M Claudia},
  year={2018},
  publisher={Springer}
}

@book{oates2005researching,
  title={Researching information systems and computing},
  author={Oates, Briony J},
  year={2005},
  publisher={Sage}
}

@book{liu2017virtual,
  title={Virtual, augmented, and mixed realities in education},
  author={Liu, Dejian and Dede, Chris and Huang, Ronghuai and Richards, John},
  year={2017},
  publisher={Springer}
}








%ARTIKLER ---------------------------------------------------------
@article{merrill1995tutoring,
  title={Tutoring: Guided learning by doing},
  author={Merrill, Douglas C and Reiser, Brian J and Merrill, Shannon K and Landes, Shari},
  journal={Cognition and instruction},
  volume={13},
  number={3},
  pages={315--372},
  year={1995},
  publisher={Taylor \& Francis}
}

@inproceedings{milgram1995augmented,
  title={Augmented reality: A class of displays on the reality-virtuality continuum},
  author={Milgram, Paul and Takemura, Haruo and Utsumi, Akira and Kishino, Fumio},
  booktitle={Telemanipulator and telepresence technologies},
  volume={2351},
  pages={282--292},
  year={1995},
  organization={International Society for Optics and Photonics}
}

@article{seyama2007uncanny,
  title={The uncanny valley: Effect of realism on the impression of artificial human faces},
  author={Seyama, Jun'ichiro and Nagayama, Ruth S},
  journal={Presence: Teleoperators and virtual environments},
  volume={16},
  number={4},
  pages={337--351},
  year={2007},
  publisher={MIT Press}
}

@article{mori2012uncanny,
  title={The uncanny valley [from the field]},
  author={Mori, Masahiro and MacDorman, Karl F and Kageki, Norri},
  journal={IEEE Robotics And Automation Magazine},
  volume={19},
  number={2},
  pages={98--100},
  year={2012},
  publisher={IEEE}
}

@inproceedings{gutwin1996workspace,
  title={Workspace awareness for groupware},
  author={Gutwin, Carl and Greenberg, Saul},
  booktitle={Conference Companion on Human Factors in Computing Systems},
  pages={208--209},
  year={1996},
  organization={ACM}
}
@article{gutwin2002descriptive,
  title={A descriptive framework of workspace awareness for real-time groupware},
  author={Gutwin, Carl and Greenberg, Saul},
  journal={Computer Supported Cooperative Work (CSCW)},
  volume={11},
  number={3-4},
  pages={411--446},
  year={2002},
  publisher={Springer}
}

@inproceedings{freina2015literature,
  title={A literature review on immersive virtual reality in education: state of the art and perspectives},
  author={Freina, Laura and Ott, Michela},
  booktitle={The International Scientific Conference eLearning and Software for Education},
  volume={1},
  pages={133},
  year={2015},
  organization={Carol I National Defence University}
}

@article{mccloy2001virtual,
  title={Virtual reality in surgery},
  author={McCloy, Rory and Stone, Robert},
  journal={Bmj},
  volume={323},
  number={7318},
  pages={912--915},
  year={2001},
  publisher={British Medical Journal Publishing Group}
}

@article{shim2003application,
  title={Application of virtual reality technology in biology education},
  author={Shim, Kew-Cheol and Park, Jong-Seok and Kim, Hyun-Sup and Kim, Jae-Hyun and Park, Young-Chul and Ryu, Hai-Il},
  journal={Journal of Biological Education},
  volume={37},
  number={2},
  pages={71--74},
  year={2003},
  publisher={Taylor \& Francis}
}

@mastersthesis{henrichsen2019engaging,
  title={Engaging Young Job Seekers with an Internship as a Wind Turbine Technician in Virtual Reality},
  author={Henrichsen, J{\o}rgen},
  year={2019},
  school={NTNU}
}

@article{kaufmann2003collaborative,
  title={Collaborative augmented reality in education},
  author={Kaufmann, Hannes},
  journal={Institute of Software Technology and Interactive Systems, Vienna University of Technology},
  year={2003}
}

@article{guttentag2010virtual,
  title={Virtual reality: Applications and implications for tourism},
  author={Guttentag, Daniel A},
  journal={Tourism Management},
  volume={31},
  number={5},
  pages={637--651},
  year={2010},
  publisher={Elsevier}
}

@article{roussos1999learning,
  title={Learning and building together in an immersive virtual world},
  author={Roussos, Maria and Johnson, Andrew and Moher, Thomas and Leigh, Jason and Vasilakis, Christina and Barnes, Craig},
  journal={Presence: Teleoperators \& Virtual Environments},
  volume={8},
  number={3},
  pages={247--263},
  year={1999},
  publisher={MIT Press}
}

@article{kockro2007collaborative,
  title={A collaborative virtual reality environment for neurosurgical planning and training},
  author={Kockro, Ralf A and Stadie, Axel and Schwandt, Eike and Reisch, Robert and Charalampaki, Cleopatra and Ng, Ivan and Yeo, Tseng Tsai and Hwang, Peter and Serra, Luis and Perneczky, Axel},
  journal={Operative Neurosurgery},
  volume={61},
  year={2007},
  publisher={Oxford University Press}
}

@article{greenwald2017technology,
  title={Technology and applications for collaborative learning in virtual reality},
  author={Greenwald, S and Kulik, Alexander and Kunert, Andr{\'e} and Beck, Stephan and Frohlich, B and Cobb, Sue and Parsons, Sarah and Newbutt, Nigel},
  year={2017}
}

@article{prasolova2019empowering,
  title={Empowering Young Job Seekers with Virtual Reality},
  author={Prasolova-F{\o}rland, Ekaterina and Forninykh, Mikhail and Ekelund, Oscar Ihlen},
  booktitle={2019 IEEE Conference on Virtual Reality and 3D User Interfaces (VR)},
  pages={295--302},
  year={2019},
  organization={IEEE}
}

@article{de2014serious,
  title={Serious Games for education and training},
  author={De Gloria, Alessandro and Bellotti, Francesco and Berta, Riccardo},
  journal={International Journal of Serious Games},
  volume={1},
  number={1},
  year={2014}
}

@misc{susi2007serious,
  title={Serious games: An overview},
  author={Susi, Tarja and Johannesson, Mikael and Backlund, Per},
  year={2007},
  publisher={Institutionen f{\"o}r kommunikation och information}
}

@article{le2015social,
  title={A social virtual reality based construction safety education system for experiential learning},
  author={Le, Quang Tuan and Pedro, Akeem and Park, Chan Sik},
  journal={Journal of Intelligent \& Robotic Systems},
  volume={79},
  number={3-4},
  pages={487--506},
  year={2015},
  publisher={Springer}
}

@inproceedings{fominykh2019immersive,
  title={Immersive Job Taste: a Concept of Demonstrating Workplaces with Virtual Reality},
  author={Fominykh, Mikhail and Prasolova-F{\o}rland, Ekaterina},
  booktitle={2019 IEEE Conference on Virtual Reality and 3D User Interfaces (VR)},
  pages={1600--1605},
  year={2019},
  organization={IEEE}
}

@article{madathil2017investigation,
  title={An investigation of the efficacy of collaborative virtual reality systems for moderated remote usability testing},
  author={Madathil, Kapil Chalil and Greenstein, Joel S},
  journal={Applied ergonomics},
  volume={65},
  pages={501--514},
  year={2017},
  publisher={Elsevier}
}

@incollection{alexander2017virtual,
  title={Virtual environments for competency-oriented education and training},
  author={Alexander, Thomas and Westhoven, Martin and Conradi, Jessica},
  booktitle={Advances in Human Factors, Business Management, Training and Education},
  pages={23--29},
  year={2017},
  publisher={Springer}
}

@article{greenwald2019electrovr,
  title={ElectroVR: An Electrostatic Playground for Collaborative, Simulation-Based Exploratory Learning in Immersive Virtual Reality},
  author={Greenwald, Scott W and Corning, Wiley and McDowell, Gavin and Maes, Pattie and Belcher, John},
  year={2019},
  publisher={International Society of the Learning Sciences (ISLS)}
}

@inproceedings{greenwald2017multi,
  title={Multi-user framework for collaboration and co-creation in virtual reality},
  author={Greenwald, Scott W and Corning, Wiley and Maes, Pattie},
  year={2017},
  organization={12th International Conference on Computer Supported Collaborative Learning~â€¦}
}

@inproceedings{greenwald2017investigating,
  title={Investigating social presence and communication with embodied avatars in room-scale virtual reality},
  author={Greenwald, Scott W and Wang, Zhangyuan and Funk, Markus and Maes, Pattie},
  booktitle={International Conference on Immersive Learning},
  pages={75--90},
  year={2017},
  organization={Springer}
}

@incollection{piumsomboon2017covar,
  title={CoVAR: a collaborative virtual and augmented reality system for remote collaboration},
  author={Piumsomboon, Thammathip and Lee, Youngho and Lee, Gun and Billinghurst, Mark},
  booktitle={SIGGRAPH Asia 2017 Emerging Technologies},
  pages={1--2},
  year={2017}
}

@article{biocca1997cyborg,
  title={The cyborg's dilemma: Progressive embodiment in virtual environments},
  author={Biocca, Frank},
  journal={Journal of computer-mediated communication},
  volume={3},
  number={2},
  pages={JCMC324},
  year={1997},
  publisher={Oxford University Press Oxford, UK}
}
@article{oh2018systematic,
  title={A systematic review of social presence: Definition, antecedents, and implications},
  author={Oh, Catherine S and Bailenson, Jeremy N and Welch, Gregory F},
  journal={Frontiers in Robotics and AI},
  volume={5},
  pages={114},
  year={2018},
  publisher={Frontiers}
}
@article{skalski2007role,
  title={The role of social presence in interactive agent-based persuasion},
  author={Skalski, Paul and Tamborini, Ron},
  journal={Media psychology},
  volume={10},
  number={3},
  pages={385--413},
  year={2007},
  publisher={Taylor \& Francis}
}

@article{brooke1996sus,
  title={SUS-A quick and dirty usability scale},
  author={Brooke, John and others},
  journal={Usability evaluation in industry},
  volume={189},
  number={194},
  pages={4--7},
  year={1996},
  publisher={London--}
}

@incollection{gardner2017systems,
  title={Systems to support co-creative collaboration in mixed-reality environments},
  author={Gardner, Michael Robert and Sheaffer, Warren W},
  booktitle={Virtual, augmented, and mixed realities in education},
  pages={157--178},
  year={2017},
  publisher={Springer}
}



%NETTSIDER/MISC ---------------------------------------------------------
@misc{steamVR,
  title={SteamVR},
  howpublished = {\url{https://www.steamvr.com/}},
  note = {Accessed: 2019-11-13}}
  
@misc{steamVRAPI,
    title={SteamVR API},
    howpublished = {\url{https://valvesoftware.github.io/steamvr_unity_plugin/}},
    note = {Accessed: 2019-11-13}}
    
@misc{openVRsdk,
    title={OpenVR SDK},
    howpublished = {\url{https://github.com/ValveSoftware/openvr}},
    note = {Accessed: 2020-02-13}}
  
  @misc{unrealEngine,
    title={Unreal Engine},
    howpublished = {\url{https://www.unrealengine.com/en-US/features}},
    note = {Accessed: 2020-02-13}}
  
@misc{PUN,
  title={Photon Unity Networking},
  howpublished = {\url{https://www.photonengine.com/pun}},
  note = {Accessed: 2019-11-14}}  
  
@misc{unity,
  title={Unity},
  howpublished = {\url{https://unity.com/}},
  note = {Accessed: 2019-12-15}}  
  
  @misc{historyVR,
  title={History of virtual reality},
  howpublished = {\url{https://www.fi.edu/virtual-reality/history-of-virtual-reality}},
  note = {Accessed: 2019-12-13}}  
  
   @misc{forcastVR,
  title={35 Virtual Reality Statistics That Will Rock The Market In 2019},
  howpublished = {\url{ https://techjury.net/stats-about/virtual-reality/}},
  note = {Accessed: 2019-12-13}}  

  @misc{fishfarmNAV,
  author = {Ida F. Ringnes},
  title  = {Gir ungdom en virtuell jobbsmak},
  howpublished   = {\url{ https://memu.no/artikler/gir-ungdom-en-virtuell-jobbsmak/}},
  note= {Accessed: 2019-12-16}},
  year = {2018},}

@misc{GitLab,
  title={GitLab},
  howpublished = {\url{https://about.gitlab.com/}},
  note = {Accessed: 2019-12-16}}  
  
  @misc{microsoftMR,
  author = {Microsoft},
  title  = {What is mixed reality?},
  howpublished   = {\url{https://docs.microsoft.com/en-us/windows/mixed-reality/mixed-reality}},
  note= {Accessed: 2019-12-17}},
  year = {2018},}
  
    @misc{euroVR,
  author = {EuroVR News},
  title  = {EuroVR2018: Everything you need to know},
  howpublished   = {\url{https://www.eurovr-association.org/news/eurovr2018-everything-you-need-to-know/}},
  note= {Accessed: 2020-02-20}},
  year = {2018},}
  
  @misc{aweAwards,
  author = {AWE},
  title  = {Announcing 20 Finalists for the 2018 Breakthrough Auggie Awards},
  howpublished   = {\url{https://usa2018.augmentedworldexpo.com/congrats-to-the-20-breakthrough-auggie-awards-finalists/}},
  note= {Accessed: 2020-02-20}},
  year = {2018},}
  
  
</bibtex>